@book{altman2013term,
  title={A term of commutative algebra},
  author={Altman, Allen and Kleiman, Steven},
  year={2013},
  publisher={Worldwide Center of Mathematics}
}

@book{bergman2015invitation,
  title={An invitation to general algebra and universal constructions},
  author={Bergman, George M},
  volume={558},
  year={2015},
  publisher={Springer}
}

@book{matsumura1989commutative,
  title={Commutative ring theory},
  author={Matsumura, Hideyuki},
  number={8},
  year={1989},
  publisher={Cambridge university press}
}